@inproceedings{wang,
 author = {Guo, Stephen and Wang, Mengqiu and Leskovec, Jure},
 title = {The Role of Social Networks in Online Shopping: Information Passing, Price of Trust, and Consumer Choice},
 booktitle = {Proceedings of the 12th ACM Conference on Electronic Commerce},
 series = {EC '11},
 year = {2011},
 isbn = {978-1-4503-0261-6},
 location = {San Jose, California, USA},
 pages = {157--166},
 numpages = {10},
 url = {http://doi.acm.org/10.1145/1993574.1993598},
 doi = {10.1145/1993574.1993598},
 acmid = {1993598},
 publisher = {ACM},
 address = {New York, NY, USA},
 keywords = {e-commerce, price of trust, recommender systems, triadic closure, viral marketing},
 url = {http://dl.acm.org/citation.cfm?id=1993598},
} 
@article{mokoron2012,
  title={Автоматическое построение и анализ корпуса коротких текстов (постов микроблогов) для задачи разработки и тренировки тонового классификатора},
  author={Рубцова, Ю.},
  booktitle={Сборник трудов конференции «Инженерия знаний и технологии семантического веба – 2012},
  pages={109--115},
  year={2012},
  url = {http://study.mokoron.com/wp-content/uploads/2014/02/rubtsova-kesw_paper-21.pdf},
}


@article{dl,
    author =       {Yann LeCun and	Yoshua Bengio and Geoffrey Hinton},
    title =        "Deep learning",
    journal =      "Nature",
    pages =        "436--444",
    year =         "2015",
    URL =          "http://www.nature.com/nature/journal/v521/n7553/full/nature14539.html"
}
@article{sa-nasukawa,
    author =       {Tetsuya Nasukawa and Jeonghee Yi},
    title =        "Sentiment analysis: capturing favorability using natural language processing",
    journal =      "Proceedings of the 2nd international conference on Knowledge capture",
    pages =        "70--77",
    year =         "2003",
    URL =          "https://dl.acm.org/citation.cfm?id=945658"
}
@article{sa-wiebe,
    author =       {Janyce Wiebe},
    title =        "Learning Subjective Adjectives from Corpora",
    journal =      "Proceedings of the Seventeenth National Conference on Artificial Intelligence and Twelfth Conference on Innovative Applications of Artificial Intelligence",
    pages =        "735--740",
    year =         "2000",
    URL =          "https://dl.acm.org/citation.cfm?id=721121"
}
@article{wv-for-sa-maas,
    author =       {Andrew L. Maas and Raymond E. Daly and Peter T. Pham and Dan Huang and Andrew Y. Ng and Christopher Potts},
    title =        "Learning word vectors for sentiment analysis",
    journal =      "Proceedings of the 49th Annual Meeting of the Association for Computational Linguistics: Human Language Technologies",
    volums =	   "1",
    pages =        "142--150",
    year =         "2011",
    URL =          "https://dl.acm.org/citation.cfm?id=2002491"
}
@article{sa-survey,
    author =       {Walaa Medhata and Ahmed Hassanb and Hoda Korashyb},
    title =        "Sentiment analysis algorithms and applications: A survey",
    journal =      "Knowledge-Based Systems ",
    volums =	   "89",
    pages =        "14--56",
    year =         "2015",
    URL =          "https://dl.acm.org/citation.cfm?id=2840099"
}
@article{sa-ru-osokin,
    author = "Осокин, В. В. and Шегай, М. В.",
    title = "Анализ тональности русскоязычного текста",
    journal = "Интеллектуальные системы. Теория и приложения",
    year = "2014",
    volume = "18",
    number = "3",
    issn = "2075-9460",
    pages = "163--174",
    language = "russian",
    URL = "http://intsysjournal.ru/articles/is03/09_osokin.pdf"
}
@article{sa-ru-aksenov,
    author = "Аксенов, А.В.",
    title = "Анализ тональности текстовых сообщений социальной сети Twitter",
    journal = "Теория. Практика. Инновации",
    year = "2016",
    number = "7",
    issn = "2500-3348",
    pages = "4--11",
    language = "russian",
    URL = "http://tpi.vectorscience.ru/2016/07/Aksenov.pdf"
}
@article{sa-ru-silvestrov,
    author = "Сильвестров, А.С.",
    title = "Анализ эмоциональной окраски сообщений в социальных сетях",
    year = "2012",
    language = "russian",
    URL = "http://seminar.at.ispras.ru/wp-content/uploads/2012/07/Silvestrov-thesis.pdf"
}
@article{sa-ru-savinov,
    author = "Савинов, Н.А.",
    title = "Классификация эмоциональной окраски
сообщений в социальных сетях",
    year = "2013",
    language = "russian",
    URL = "http://www.machinelearning.ru/wiki/images/b/be/SavinovThesis2013.pdf"
}

@article{cnn1,
    author =       "Yoon Kim",
    title =        "Convolutional Neural Networks for Sentence Classification",
    journal =      "The 2014 Conference on Empirical Methods in Natural Language Processing",
    pages =        "1746--1751",
    year =         "2014",
    URL =          "https://arxiv.org/abs/1408.5882"
}
@article{cnn2,
    author =       {Nal Kalchbrenner and Edward Grefenstette and Phil Blunsom},
    title =        "A Convolutional Neural Network for Modelling Sentences",
    journal =      "ACL Antology",
    pages =        "655--665",
    year =         "2014",
    URL =          "https://arxiv.org/abs/1404.2188"
}
@article{cnn3,
    author =       {C´ıcero Nogueira dos Santos and Ma´ıra Gatti},
    title =        "Deep Convolutional Neural Networks for
Sentiment Analysis of Short Texts",
    journal =      "COLING-2014",
    pages =        "69--78",
    year =         "2014",
    URL =          "http://www.aclweb.org/anthology/C14-1008"
}

@article{wiki-lang-6,
    title =        "List of languages by total number of speakers",
    journal =      "Wikipedia",
    URL =          "https://en.wikipedia.org/wiki/List_of_languages_by_total_number_of_speakers"
}
@article{wiki-speak-260M,
    title =        "Russian language",
    journal =      "Wikipedia",
    URL =          "https://en.wikipedia.org/wiki/Russian_language"
}
@article{wiki-web-2,
    title =        "Languages used on the Internet",
    journal =      "Wikipedia",
    URL =          "https://en.wikipedia.org/wiki/Languages_used_on_the_Internet"
}
@article{wiki-citizens-70pc,
    title =        "Интернет в России",
    journal =      "Wikipedia",
    URL =          "https://ru.wikipedia.org/wiki/%D0%98%D0%BD%D1%82%D0%B5%D1%80%D0%BD%D0%B5%D1%82_%D0%B2_%D0%A0%D0%BE%D1%81%D1%81%D0%B8%D0%B8"
}
@article{wiki-sa-def,
    title =        "Анализ тональности текста",
    journal =      "Wikipedia",
    URL =          "https://ru.wikipedia.org/wiki/%D0%90%D0%BD%D0%B0%D0%BB%D0%B8%D0%B7_%D1%82%D0%BE%D0%BD%D0%B0%D0%BB%D1%8C%D0%BD%D0%BE%D1%81%D1%82%D0%B8_%D1%82%D0%B5%D0%BA%D1%81%D1%82%D0%B0"
}
@article{senti-ru-eval,
    title =        "SentiRuEval-2016",
    journal =      "Dialogue Evaluation 2016",
    URL =          "http://www.dialog-21.ru/evaluation/2016/sentiment/"
}
@article{word2vec,
  author    = {Tomas Mikolov and
               Kai Chen and
               Greg Corrado and
               Jeffrey Dean},
  title     = {Efficient Estimation of Word Representations in Vector Space},
  journal   = {CoRR},
  volume    = {abs/1301.3781},
  year      = {2013},
  url       = {http://arxiv.org/abs/1301.3781},
  timestamp = {Thu, 07 May 2015 20:02:01 +0200},
  biburl    = {http://dblp.uni-trier.de/rec/bib/journals/corr/abs-1301-3781},
  bibsource = {dblp computer science bibliography, http://dblp.org}
}
@article{pymorphy2,
	title = "pymorphy2 Морфологический анализатор для русского языка",
	url = "https://github.com/kmike/pymorphy2"}
@article{yang-att-2016,
  title={Hierarchical attention networks for document classification},
  author={Yang, Zichao and Yang, Diyi and Dyer, Chris and He, Xiaodong and Smola, Alex and Hovy, Eduard},
  booktitle={Proceedings of NAACL-HLT},
  pages={1480--1489},
  year={2016},
  url = {http://www.aclweb.org/anthology/N16-1174},
}
@article{semeval2007,
  title = "SemEval-2007",
  year={2007},
  url={http://nlp.cs.swarthmore.edu/semeval/tasks/index.php},
}
@article{semeval2010,
  title = "SemEval-2010: Disambiguating Sentiment Ambiguous Adjectives",
  year={2010},
  url={http://semeval2.fbk.eu/semeval2.php?location=tasks#T3},
}
@article{sentirueval2012,
  title = "DIALOGUE EVALUATION 2012: Анализ тональности",
  year={2012},
  url={http://www.dialog-21.ru/evaluation/2012/sentiment/},
}
@article{romip,
  title="Семинар РОМИП'2011: Дорожки по анализу мнений",
  year={2011},
  url={http://romip.ru/ru/2011/index.html},
}
@inproceedings{socher-rdm,
  Location = {Seattle, WA},
  Author = {Socher, Richard  and  Perelygin, Alex  and  Wu, Jean  and  Chuang, Jason  and  Manning, Christopher D.  and  Ng, Andrew Y.  and  Potts, Christopher},
  Booktitle = {Proceedings of the 2013 Conference on {E}mpirical {M}ethods in {N}atural {L}anguage {P}rocessing},
  Month = {October},
  Publisher = {Association for Computational Linguistics},
  Address = {Stroudsburg, PA},
  Title = {Recursive Deep Models for Semantic Compositionality Over a Sentiment Treebank},
  Pages = {1631--1642},
  Year = {2013},
  url = {http://nlp.stanford.edu/~socherr/EMNLP2013_RNTN.pdf},
}
@inproceedings{arhipenko,
    author = "Arkhipenko, K. and Kozlov, I. and Trofimovich, J. and Skorniakov, K. and Gomzin, A. and Turdakov, D.",
    title = "Comparison of neural network architectures for sentiment analysis of Russian tweets",
    booktitle = "Computational Linguistics and Intellectual Technologies. International Conference Dialog 2016 Proceedings",
    year = "2016",
    volume = "15",
    editor = "Кобозева, Ирина Михайловна",
    publisher = "Изд-во РГГУ, Москва",
    language = "english",
    url = "https://istina.msu.ru/publications/article/30358847/"
}

@article{mokoron2015,
  title={Построение корпуса текстов для настройки тонового классификатора},
  author={Рубцова, Ю.},
  booktitle={Программные продукты и системы},
  pages={72--78},
  year={2015},
  url = {http://www.swsys.ru/index.php?page=article&id=3962&lang=},
}

@inproceedings{cho,
     author = {Cho, Kyunghyun and van Merri{\"{e}}nboer, Bart and G{\"{u}}l{\c c}ehre, {\c C}ağlar and Bahdanau, Dzmitry and Bougares, Fethi and Schwenk, Holger and Bengio, Yoshua},
      month = oct,
      title = {Learning Phrase Representations using RNN Encoder--Decoder for Statistical Machine Translation},
  booktitle = {Proceedings of the 2014 Conference on Empirical Methods in Natural Language Processing (EMNLP)},
       year = {2014},
      pages = {1724--1734},
  publisher = {Association for Computational Linguistics},
    address = {Doha, Qatar},
        url = {http://www.aclweb.org/anthology/D14-1179},
}
@article{bahdanau,
  author    = {Dzmitry Bahdanau and
               Kyunghyun Cho and
               Yoshua Bengio},
  title     = {Neural Machine Translation by Jointly Learning to Align and Translate},
  journal   = {CoRR},
  volume    = {abs/1409.0473},
  year      = {2014},
  url       = {http://arxiv.org/abs/1409.0473},
  timestamp = {Wed, 01 Oct 2014 15:00:04 +0200},
  biburl    = {http://dblp.uni-trier.de/rec/bib/journals/corr/BahdanauCB14},
  bibsource = {dblp computer science bibliography, http://dblp.org},
  url = {https://arxiv.org/abs/1409.0473},
}
@inproceedings{imdb,
 author = {Maas, Andrew L. and Daly, Raymond E. and Pham, Peter T. and Huang, Dan and Ng, Andrew Y. and Potts, Christopher},
 title = {Learning Word Vectors for Sentiment Analysis},
 booktitle = {Proceedings of the 49th Annual Meeting of the Association for Computational Linguistics: Human Language Technologies - Volume 1},
 series = {HLT '11},
 year = {2011},
 isbn = {978-1-932432-87-9},
 location = {Portland, Oregon},
 pages = {142--150},
 numpages = {9},
 url = {http://dl.acm.org/citation.cfm?id=2002472.2002491},
 acmid = {2002491},
 publisher = {Association for Computational Linguistics},
 address = {Stroudsburg, PA, USA},
 url = {http://dl.acm.org/citation.cfm?id=2002491},
}
@article{treebank-data,
	title = {Sentiment Treebank},
	url = {http://nlp.stanford.edu/sentiment/treebank.html},
}
@inproceedings{amazon,
 author = {McAuley, Julian and Pandey, Rahul and Leskovec, Jure},
 title = {Inferring Networks of Substitutable and Complementary Products},
 booktitle = {Proceedings of the 21th ACM SIGKDD International Conference on Knowledge Discovery and Data Mining},
 series = {KDD '15},
 year = {2015},
 isbn = {978-1-4503-3664-2},
 location = {Sydney, NSW, Australia},
 pages = {785--794},
 numpages = {10},
 url = {http://doi.acm.org/10.1145/2783258.2783381},
 doi = {10.1145/2783258.2783381},
 acmid = {2783381},
 publisher = {ACM},
 address = {New York, NY, USA},
 keywords = {link prediction, recommender systems, substitutes and complements, topic models},
 url = {http://dl.acm.org/citation.cfm?id=2783381},
}
@article{amazon-data,
	author = {Julian McAuley},
	title = {Amazon product data},
	url = {http://jmcauley.ucsd.edu/data/amazon/},
}
@article{srivastava,
 author = {Srivastava, Nitish and Hinton, Geoffrey and Krizhevsky, Alex and Sutskever, Ilya and Salakhutdinov, Ruslan},
 title = {Dropout: A Simple Way to Prevent Neural Networks from Overfitting},
 journal = {The Journal of Machine Learning Research},
 issue_date = {January 2014},
 volume = {15},
 number = {1},
 month = jan,
 year = {2014},
 issn = {1532-4435},
 pages = {1929--1958},
 numpages = {30},
 url = {http://dl.acm.org/citation.cfm?id=2627435.2670313},
 acmid = {2670313},
 publisher = {JMLR.org},
 keywords = {deep learning, model combination, neural networks, regularization},
} 

@article{schuster,
 author = {Schuster, M. and Paliwal, K.K.},
 title = {Bidirectional Recurrent Neural Networks},
 journal = {Trans. Sig. Proc.},
 issue_date = {November 1997},
 volume = {45},
 number = {11},
 month = nov,
 year = {1997},
 issn = {1053-587X},
 pages = {2673--2681},
 numpages = {9},
 url = {http://dx.doi.org/10.1109/78.650093},
 doi = {10.1109/78.650093},
 acmid = {2205129},
 publisher = {IEEE Press},
 address = {Piscataway, NJ, USA},
} 
