% ГОСТ Р 7.0.11-2011, Приложение Б, Книги
@inproceedings{wang,
 author = {Guo, Stephen and Wang, Mengqiu and Leskovec, Jure},
 title = {The Role of Social Networks in Online Shopping: Information Passing, Price of Trust, and Consumer Choice},
 booktitle = {Proceedings of the 12th ACM Conference on Electronic Commerce},
 series = {EC '11},
 year = {2011},
 isbn = {978-1-4503-0261-6},
 location = {San Jose, California, USA},
 pages = {157--166},
 numpages = {10},
 url = {http://doi.acm.org/10.1145/1993574.1993598},
 doi = {10.1145/1993574.1993598},
 acmid = {1993598},
 publisher = {ACM},
 address = {New York, NY, USA},
 keywords = {e-commerce, price of trust, recommender systems, triadic closure, viral marketing},
 url = {http://dl.acm.org/citation.cfm?id=1993598},
} 
@article{mokoron2012,
  title={Автоматическое построение и анализ корпуса коротких текстов (постов микроблогов) для задачи разработки и тренировки тонового классификатора},
  author={Рубцова, Ю.},
  booktitle={Сборник трудов конференции «Инженерия знаний и технологии семантического веба – 2012},
  pages={109--115},
  year={2012},
  url = {http://study.mokoron.com/wp-content/uploads/2014/02/rubtsova-kesw_paper-21.pdf},
}
@article{dl,
    author =       {Yann LeCun and	Yoshua Bengio and Geoffrey Hinton},
    title =        "Deep learning",
    journal =      "Nature",
    pages =        "436--444",
    year =         "2015",
    URL =          "http://www.nature.com/nature/journal/v521/n7553/full/nature14539.html"
}
@article{sa-nasukawa,
    author =       {Tetsuya Nasukawa and Jeonghee Yi},
    title =        "Sentiment analysis: capturing favorability using natural language processing",
    journal =      "Proceedings of the 2nd international conference on Knowledge capture",
    pages =        "70--77",
    year =         "2003",
    URL =          "https://dl.acm.org/citation.cfm?id=945658"
}
@article{sa-wiebe,
    author =       {Janyce Wiebe},
    title =        "Learning Subjective Adjectives from Corpora",
    journal =      "Proceedings of the Seventeenth National Conference on Artificial Intelligence and Twelfth Conference on Innovative Applications of Artificial Intelligence",
    pages =        "735--740",
    year =         "2000",
    URL =          "https://dl.acm.org/citation.cfm?id=721121"
}
@article{wv-for-sa-maas,
    author =       {Andrew L. Maas and Raymond E. Daly and Peter T. Pham and Dan Huang and Andrew Y. Ng and Christopher Potts},
    title =        "Learning word vectors for sentiment analysis",
    journal =      "Proceedings of the 49th Annual Meeting of the Association for Computational Linguistics: Human Language Technologies",
    volums =	   "1",
    pages =        "142--150",
    year =         "2011",
    URL =          "https://dl.acm.org/citation.cfm?id=2002491"
}
@article{sa-survey,
    author =       {Walaa Medhata and Ahmed Hassanb and Hoda Korashyb},
    title =        "Sentiment analysis algorithms and applications: A survey",
    journal =      "Knowledge-Based Systems ",
    volums =	   "89",
    pages =        "14--56",
    year =         "2015",
    URL =          "https://dl.acm.org/citation.cfm?id=2840099"
}
@article{sa-ru-osokin,
    author = "Осокин, В. В. and Шегай, М. В.",
    title = "Анализ тональности русскоязычного текста",
    journal = "Интеллектуальные системы. Теория и приложения",
    year = "2014",
    volume = "18",
    number = "3",
    issn = "2075-9460",
    pages = "163--174",
    language = "russian",
    URL = "http://intsysjournal.ru/articles/is03/09_osokin.pdf"
}
@article{sa-ru-aksenov,
    author = "Аксенов, А.В.",
    title = "Анализ тональности текстовых сообщений социальной сети Twitter",
    journal = "Теория. Практика. Инновации",
    year = "2016",
    number = "7",
    issn = "2500-3348",
    pages = "4--11",
    language = "russian",
    URL = "http://tpi.vectorscience.ru/2016/07/Aksenov.pdf"
}
@article{sa-ru-silvestrov,
    author = "Сильвестров, А.С.",
    title = "Анализ эмоциональной окраски сообщений в социальных сетях",
    year = "2012",
    language = "russian",
    URL = "http://seminar.at.ispras.ru/wp-content/uploads/2012/07/Silvestrov-thesis.pdf"
}
@article{sa-ru-savinov,
    author = "Савинов, Н.А.",
    title = "Классификация эмоциональной окраски
сообщений в социальных сетях",
    year = "2013",
    language = "russian",
    URL = "http://www.machinelearning.ru/wiki/images/b/be/SavinovThesis2013.pdf"
}

@article{cnn1,
    author =       "Yoon Kim",
    title =        "Convolutional Neural Networks for Sentence Classification",
    journal =      "The 2014 Conference on Empirical Methods in Natural Language Processing",
    pages =        "1746--1751",
    year =         "2014",
    URL =          "https://arxiv.org/abs/1408.5882"
}
@article{cnn2,
    author =       {Nal Kalchbrenner and Edward Grefenstette and Phil Blunsom},
    title =        "A Convolutional Neural Network for Modelling Sentences",
    journal =      "ACL Antology",
    pages =        "655--665",
    year =         "2014",
    URL =          "https://arxiv.org/abs/1404.2188"
}
@article{cnn3,
    author =       {C´ıcero Nogueira dos Santos and Ma´ıra Gatti},
    title =        "Deep Convolutional Neural Networks for
Sentiment Analysis of Short Texts",
    journal =      "COLING-2014",
    pages =        "69--78",
    year =         "2014",
    URL =          "http://www.aclweb.org/anthology/C14-1008"
}

@article{wiki-lang-6,
    title =        "List of languages by total number of speakers",
    journal =      "Wikipedia",
    URL =          "https://en.wikipedia.org/wiki/List_of_languages_by_total_number_of_speakers"
}
@article{wiki-speak-260M,
    title =        "Russian language",
    journal =      "Wikipedia",
    URL =          "https://en.wikipedia.org/wiki/Russian_language"
}
@article{wiki-web-2,
    title =        "Languages used on the Internet",
    journal =      "Wikipedia",
    URL =          "https://en.wikipedia.org/wiki/Languages_used_on_the_Internet"
}
@article{wiki-citizens-70pc,
    title =        "Интернет в России",
    journal =      "Wikipedia",
    URL =          "https://ru.wikipedia.org/wiki/%D0%98%D0%BD%D1%82%D0%B5%D1%80%D0%BD%D0%B5%D1%82_%D0%B2_%D0%A0%D0%BE%D1%81%D1%81%D0%B8%D0%B8"
}
@article{wiki-sa-def,
    title =        "Анализ тональности текста",
    journal =      "Wikipedia",
    URL =          "https://ru.wikipedia.org/wiki/%D0%90%D0%BD%D0%B0%D0%BB%D0%B8%D0%B7_%D1%82%D0%BE%D0%BD%D0%B0%D0%BB%D1%8C%D0%BD%D0%BE%D1%81%D1%82%D0%B8_%D1%82%D0%B5%D0%BA%D1%81%D1%82%D0%B0"
}
@article{senti-ru-eval,
    title =        "SentiRuEval-2016",
    journal =      "Dialogue Evaluation 2016",
    URL =          "http://www.dialog-21.ru/evaluation/2016/sentiment/"
}
@article{word2vec,
  author    = {Tomas Mikolov and
               Kai Chen and
               Greg Corrado and
               Jeffrey Dean},
  title     = {Efficient Estimation of Word Representations in Vector Space},
  journal   = {CoRR},
  volume    = {abs/1301.3781},
  year      = {2013},
  url       = {http://arxiv.org/abs/1301.3781},
  timestamp = {Thu, 07 May 2015 20:02:01 +0200},
  biburl    = {http://dblp.uni-trier.de/rec/bib/journals/corr/abs-1301-3781},
  bibsource = {dblp computer science bibliography, http://dblp.org}
}
@article{pymorphy2,
	title = "pymorphy2 Морфологический анализатор для русского языка",
	url = "https://github.com/kmike/pymorphy2"}
@article{yang-att-2016,
  title={Hierarchical attention networks for document classification},
  author={Yang, Zichao and Yang, Diyi and Dyer, Chris and He, Xiaodong and Smola, Alex and Hovy, Eduard},
  booktitle={Proceedings of NAACL-HLT},
  pages={1480--1489},
  year={2016},
  url = {http://www.aclweb.org/anthology/N16-1174},
}
@article{semeval2007,
  title = "SemEval-2007",
  year={2007},
  url={http://nlp.cs.swarthmore.edu/semeval/tasks/index.php},
}
@article{semeval2010,
  title = "SemEval-2010: Disambiguating Sentiment Ambiguous Adjectives",
  year={2010},
  url={http://semeval2.fbk.eu/semeval2.php?location=tasks#T3},
}
@article{sentirueval2012,
  title = "DIALOGUE EVALUATION 2012: Анализ тональности",
  year={2012},
  url={http://www.dialog-21.ru/evaluation/2012/sentiment/},
}
@article{romip,
  title="Семинар РОМИП'2011: Дорожки по анализу мнений",
  year={2011},
  url={http://romip.ru/ru/2011/index.html},
}
@inproceedings{socher-rdm,
  Location = {Seattle, WA},
  Author = {Socher, Richard  and  Perelygin, Alex  and  Wu, Jean  and  Chuang, Jason  and  Manning, Christopher D.  and  Ng, Andrew Y.  and  Potts, Christopher},
  Booktitle = {Proceedings of the 2013 Conference on {E}mpirical {M}ethods in {N}atural {L}anguage {P}rocessing},
  Month = {October},
  Publisher = {Association for Computational Linguistics},
  Address = {Stroudsburg, PA},
  Title = {Recursive Deep Models for Semantic Compositionality Over a Sentiment Treebank},
  Pages = {1631--1642},
  Year = {2013},
  url = {http://nlp.stanford.edu/~socherr/EMNLP2013_RNTN.pdf},
}
@inproceedings{arhipenko,
    author = "Arkhipenko, K. and Kozlov, I. and Trofimovich, J. and Skorniakov, K. and Gomzin, A. and Turdakov, D.",
    title = "Comparison of neural network architectures for sentiment analysis of Russian tweets",
    booktitle = "Computational Linguistics and Intellectual Technologies. International Conference Dialog 2016 Proceedings",
    year = "2016",
    volume = "15",
    editor = "Кобозева, Ирина Михайловна",
    publisher = "Изд-во РГГУ, Москва",
    language = "english",
    url = "https://istina.msu.ru/publications/article/30358847/"
}

@article{mokoron2015,
  title={Построение корпуса текстов для настройки тонового классификатора},
  author={Рубцова, Ю.},
  booktitle={Программные продукты и системы},
  pages={72--78},
  year={2015},
  url = {http://www.swsys.ru/index.php?page=article&id=3962&lang=},
}

@inproceedings{cho,
     author = {Cho, Kyunghyun and van Merri{\"{e}}nboer, Bart and G{\"{u}}l{\c c}ehre, {\c C}ağlar and Bahdanau, Dzmitry and Bougares, Fethi and Schwenk, Holger and Bengio, Yoshua},
      month = oct,
      title = {Learning Phrase Representations using RNN Encoder--Decoder for Statistical Machine Translation},
  booktitle = {Proceedings of the 2014 Conference on Empirical Methods in Natural Language Processing (EMNLP)},
       year = {2014},
      pages = {1724--1734},
  publisher = {Association for Computational Linguistics},
    address = {Doha, Qatar},
        url = {http://www.aclweb.org/anthology/D14-1179},
}
@article{bahdanau,
  author    = {Dzmitry Bahdanau and
               Kyunghyun Cho and
               Yoshua Bengio},
  title     = {Neural Machine Translation by Jointly Learning to Align and Translate},
  journal   = {CoRR},
  volume    = {abs/1409.0473},
  year      = {2014},
  url       = {http://arxiv.org/abs/1409.0473},
  timestamp = {Wed, 01 Oct 2014 15:00:04 +0200},
  biburl    = {http://dblp.uni-trier.de/rec/bib/journals/corr/BahdanauCB14},
  bibsource = {dblp computer science bibliography, http://dblp.org},
  url = {https://arxiv.org/abs/1409.0473},
}
@inproceedings{imdb,
 author = {Maas, Andrew L. and Daly, Raymond E. and Pham, Peter T. and Huang, Dan and Ng, Andrew Y. and Potts, Christopher},
 title = {Learning Word Vectors for Sentiment Analysis},
 booktitle = {Proceedings of the 49th Annual Meeting of the Association for Computational Linguistics: Human Language Technologies - Volume 1},
 series = {HLT '11},
 year = {2011},
 isbn = {978-1-932432-87-9},
 location = {Portland, Oregon},
 pages = {142--150},
 numpages = {9},
 url = {http://dl.acm.org/citation.cfm?id=2002472.2002491},
 acmid = {2002491},
 publisher = {Association for Computational Linguistics},
 address = {Stroudsburg, PA, USA},
 url = {http://dl.acm.org/citation.cfm?id=2002491},
}
@article{treebank-data,
	title = {Sentiment Treebank},
	url = {http://nlp.stanford.edu/sentiment/treebank.html},
}
@inproceedings{amazon,
 author = {McAuley, Julian and Pandey, Rahul and Leskovec, Jure},
 title = {Inferring Networks of Substitutable and Complementary Products},
 booktitle = {Proceedings of the 21th ACM SIGKDD International Conference on Knowledge Discovery and Data Mining},
 series = {KDD '15},
 year = {2015},
 isbn = {978-1-4503-3664-2},
 location = {Sydney, NSW, Australia},
 pages = {785--794},
 numpages = {10},
 url = {http://doi.acm.org/10.1145/2783258.2783381},
 doi = {10.1145/2783258.2783381},
 acmid = {2783381},
 publisher = {ACM},
 address = {New York, NY, USA},
 keywords = {link prediction, recommender systems, substitutes and complements, topic models},
 url = {http://dl.acm.org/citation.cfm?id=2783381},
}
@article{amazon-data,
	author = {Julian McAuley},
	title = {Amazon product data},
	url = {http://jmcauley.ucsd.edu/data/amazon/},
}
@article{srivastava,
 author = {Srivastava, Nitish and Hinton, Geoffrey and Krizhevsky, Alex and Sutskever, Ilya and Salakhutdinov, Ruslan},
 title = {Dropout: A Simple Way to Prevent Neural Networks from Overfitting},
 journal = {The Journal of Machine Learning Research},
 issue_date = {January 2014},
 volume = {15},
 number = {1},
 month = jan,
 year = {2014},
 issn = {1532-4435},
 pages = {1929--1958},
 numpages = {30},
 url = {http://dl.acm.org/citation.cfm?id=2627435.2670313},
 acmid = {2670313},
 publisher = {JMLR.org},
 keywords = {deep learning, model combination, neural networks, regularization},
} 

@article{schuster,
 author = {Schuster, M. and Paliwal, K.K.},
 title = {Bidirectional Recurrent Neural Networks},
 journal = {Trans. Sig. Proc.},
 issue_date = {November 1997},
 volume = {45},
 number = {11},
 month = nov,
 year = {1997},
 issn = {1053-587X},
 pages = {2673--2681},
 numpages = {9},
 url = {http://dx.doi.org/10.1109/78.650093},
 doi = {10.1109/78.650093},
 acmid = {2205129},
 publisher = {IEEE Press},
 address = {Piscataway, NJ, USA},
} 


@inproceedings{Hatzivassiloglou,
 author = {Hatzivassiloglou, Vasileios and McKeown, Kathleen R.},
 title = {Predicting the Semantic Orientation of Adjectives},
 booktitle = {Proceedings of the 35th Annual Meeting of the Association for Computational Linguistics and Eighth Conference of the European Chapter of the Association for Computational Linguistics},
 series = {ACL '98},
 year = {1997},
 location = {Madrid, Spain},
 pages = {174--181},
 numpages = {8},
 url = {http://dx.doi.org/10.3115/976909.979640},
 doi = {10.3115/976909.979640},
 acmid = {979640},
 publisher = {Association for Computational Linguistics},
 address = {Stroudsburg, PA, USA},
} 
@inproceedings{Pang24,
 author = {Dave, Kushal and Lawrence, Steve and Pennock, David M.},
 title = {Mining the Peanut Gallery: Opinion Extraction and Semantic Classification of Product Reviews},
 booktitle = {Proceedings of the 12th International Conference on World Wide Web},
 series = {WWW '03},
 year = {2003},
 isbn = {1-58113-680-3},
 location = {Budapest, Hungary},
 pages = {519--528},
 numpages = {10},
 url = {http://doi.acm.org/10.1145/775152.775226},
 doi = {10.1145/775152.775226},
 acmid = {775226},
 publisher = {ACM},
 address = {New York, NY, USA},
 keywords = {document classification, opinion mining},
}
@article{Pang25,
  author    = {Bo Pang and
               Lillian Lee and
               Shivakumar Vaithyanathan},
  title     = {Thumbs up? Sentiment Classification using Machine Learning Techniques},
  journal   = {CoRR},
  volume    = {cs.CL/0205070},
  year      = {2002},
  url       = {http://arxiv.org/abs/cs.CL/0205070},
  timestamp = {Wed, 07 Jun 2017 14:43:15 +0200},
  biburl    = {http://dblp.uni-trier.de/rec/bib/journals/corr/cs-CL-0205070},
  bibsource = {dblp computer science bibliography, http://dblp.org}
}
@article{Jaggi,
  author    = {Martin Jaggi and Fatih Uzdilli and Mark Cieliebak},
  title     = {Swiss-Chocolate: Sentiment Detection using Sparse SVMs and Part-Of-Speech n-Grams},
  journal   = {SemEval 2014-Proceedings of the 8th International Workshop on Semantic Evaluation},
  pages = {601--604},
  year      = {2014},
  url       = {http://www.aclweb.org/anthology/S/S14/S14-2.pdf#page=621},
}
@inproceedings{Mohammad20,
 author = {Mohammad, Saif M. and Turney, Peter D.},
 title = {Emotions Evoked by Common Words and Phrases: Using Mechanical Turk to Create an Emotion Lexicon},
 booktitle = {Proceedings of the NAACL HLT 2010 Workshop on Computational Approaches to Analysis and Generation of Emotion in Text},
 series = {CAAGET '10},
 year = {2010},
 location = {Los Angeles, California},
 pages = {26--34},
 numpages = {9},
 url = {http://dl.acm.org/citation.cfm?id=1860631.1860635},
 acmid = {1860635},
 publisher = {Association for Computational Linguistics},
 address = {Stroudsburg, PA, USA},
} 
@article{Liu,
  added-at = {2011-02-04T11:38:30.000+0100},
  author = {Liu, Bing},
  biburl = {https://www.bibsonomy.org/bibtex/2098caba4af7a344db7a62c5d10748727/hotho},
  editor = {Indurkhya, N. and Damerau, F. J.},
  interhash = {d95273d3139fee537a2e08a2fc5b4b38},
  intrahash = {098caba4af7a344db7a62c5d10748727},
  journal = {Handbook of Natural Language Processing},
  keywords = {***** analysis introduction opinion sentiment survey},
  timestamp = {2011-02-04T11:38:30.000+0100},
  title = {Sentiment Analysis and Subjectivity},
  volume = {2nd ed},
  year = 2010
}
@inproceedings{Wilson,
 author = {Wilson, Theresa and Wiebe, Janyce and Hoffmann, Paul},
 title = {Recognizing Contextual Polarity in Phrase-level Sentiment Analysis},
 booktitle = {Proceedings of the Conference on Human Language Technology and Empirical Methods in Natural Language Processing},
 series = {HLT '05},
 year = {2005},
 location = {Vancouver, British Columbia, Canada},
 pages = {347--354},
 numpages = {8},
 url = {http://dx.doi.org/10.3115/1220575.1220619},
 doi = {10.3115/1220575.1220619},
 acmid = {1220619},
 publisher = {Association for Computational Linguistics},
 address = {Stroudsburg, PA, USA},
} 
@article{Mohammad19,
  author    = {Saif M. Mohammad and
               Svetlana Kiritchenko and
               Xiaodan Zhu},
  title     = {NRC-Canada: Building the State-of-the-Art in Sentiment Analysis of
               Tweets},
  journal   = {CoRR},
  volume    = {abs/1308.6242},
  year      = {2013},
  url       = {http://arxiv.org/abs/1308.6242},
  timestamp = {Wed, 07 Jun 2017 14:42:49 +0200},
  biburl    = {http://dblp.uni-trier.de/rec/bib/journals/corr/MohammadKZ13},
  bibsource = {dblp computer science bibliography, http://dblp.org}
}
@inproceedings{Severyn30,
  author    = {Aliaksei Severyn and
               Alessandro Moschitti},
  title     = {On the Automatic Learning of Sentiment Lexicons},
  booktitle = {{NAACL} {HLT} 2015, The 2015 Conference of the North American Chapter
               of the Association for Computational Linguistics: Human Language Technologies,
               Denver, Colorado, USA, May 31 - June 5, 2015},
  pages     = {1397--1402},
  year      = {2015},
  crossref  = {DBLP:conf/naacl/2015},
  url       = {http://aclweb.org/anthology/N/N15/N15-1159.pdf},
  timestamp = {Sat, 11 Jul 2015 19:35:08 +0200},
  biburl    = {http://dblp.uni-trier.de/rec/bib/conf/naacl/SeverynM15},
  bibsource = {dblp computer science bibliography, http://dblp.org}
}
@inproceedings{McDonald,
    author = {McDonald, Ryan and Hannan, Kerry and Neylon, Tyler and Wells, Mike and Reynar, Jeff},
    title = {Structured Models for Fine-to-Coarse Sentiment Analysis},
    booktitle = {Proceedings of the 45th Annual Meeting of the Association of Computational Linguistics},
    month = {June},
    year = {2007},
    address = {Prague, Czech Republic},
    publisher = {Association for Computational Linguistics},
    pages = {432--439},
    url = {http://www.aclweb.org/anthology/P07-1055}
}
@inproceedings{Wu,
 author = {Wu, Yuanbin and Zhang, Qi and Huang, Xuanjing and Wu, Lide},
 title = {Structural Opinion Mining for Graph-based Sentiment Representation},
 booktitle = {Proceedings of the Conference on Empirical Methods in Natural Language Processing},
 series = {EMNLP '11},
 year = {2011},
 isbn = {978-1-937284-11-4},
 location = {Edinburgh, United Kingdom},
 pages = {1332--1341},
 numpages = {10},
 url = {http://dl.acm.org/citation.cfm?id=2145432.2145572},
 acmid = {2145572},
 publisher = {Association for Computational Linguistics},
 address = {Stroudsburg, PA, USA},
}
@inproceedings{Shen,
 author = {Shen, Yelong and He, Xiaodong and Gao, Jianfeng and Deng, Li and Mesnil, Gr{\'e}goire},
 title = {A Latent Semantic Model with Convolutional-Pooling Structure for Information Retrieval},
 booktitle = {Proceedings of the 23rd ACM International Conference on Conference on Information and Knowledge Management},
 series = {CIKM '14},
 year = {2014},
 isbn = {978-1-4503-2598-1},
 location = {Shanghai, China},
 pages = {101--110},
 numpages = {10},
 url = {http://doi.acm.org/10.1145/2661829.2661935},
 doi = {10.1145/2661829.2661935},
 acmid = {2661935},
 publisher = {ACM},
 address = {New York, NY, USA},
 keywords = {convolutional neural network, deep learning, semantic representation, web search},
}
@inproceedings{Gao,
author = {Gao, Jianfeng and He, Xiaodong and Yih, Scott Wen-tau and Deng, Li},
title = {Learning Continuous Phrase Representations for Translation Modeling},
booktitle = {},
year = {2014},
month = {June},
publisher = {Association for Computational Linguistics},
url = {https://www.microsoft.com/en-us/research/publication/learning-continuous-phrase-representations-for-translation-modeling/}
}
@incollection{Johnson,
title = {Semi-supervised Convolutional Neural Networks for Text Categorization via Region Embedding},
author = {Johnson, Rie and Zhang, Tong},
booktitle = {Advances in Neural Information Processing Systems 28},
editor = {C. Cortes and N. D. Lawrence and D. D. Lee and M. Sugiyama and R. Garnett},
pages = {919--927},
year = {2015},
publisher = {Curran Associates, Inc.},
url = {http://papers.nips.cc/paper/5849-semi-supervised-convolutional-neural-networks-for-text-categorization-via-region-embedding.pdf}
}
@article{Kim,
  author    = {Yoon Kim},
  title     = {Convolutional Neural Networks for Sentence Classification},
  journal   = {CoRR},
  volume    = {abs/1408.5882},
  year      = {2014},
  url       = {http://arxiv.org/abs/1408.5882},
  timestamp = {Wed, 07 Jun 2017 14:40:07 +0200},
  biburl    = {http://dblp.uni-trier.de/rec/bib/journals/corr/Kim14f},
  bibsource = {dblp computer science bibliography, http://dblp.org}
}
@inproceedings{Severyn31,
 author = {Severyn, Aliaksei and Moschitti, Alessandro},
 title = {Twitter Sentiment Analysis with Deep Convolutional Neural Networks},
 booktitle = {Proceedings of the 38th International ACM SIGIR Conference on Research and Development in Information Retrieval},
 series = {SIGIR '15},
 year = {2015},
 isbn = {978-1-4503-3621-5},
 location = {Santiago, Chile},
 pages = {959--962},
 numpages = {4},
 url = {http://doi.acm.org/10.1145/2766462.2767830},
 doi = {10.1145/2766462.2767830},
 acmid = {2767830},
 publisher = {ACM},
 address = {New York, NY, USA},
 keywords = {convolutional neural networks, twitter sentiment analysis},
}
@InProceedings{Pennington,
  author    = {Pennington, Jeffrey  and  Socher, Richard  and  Manning, Christopher},
  title     = {Glove: Global Vectors for Word Representation},
  booktitle = {Proceedings of the 2014 Conference on Empirical Methods in Natural Language Processing (EMNLP)},
  month     = {October},
  year      = {2014},
  address   = {Doha, Qatar},
  publisher = {Association for Computational Linguistics},
  pages     = {1532--1543},
  url       = {http://www.aclweb.org/anthology/D14-1162}
}
@article{Szegedy37,
  author    = {Christian Szegedy and
               Wei Liu and
               Yangqing Jia and
               Pierre Sermanet and
               Scott E. Reed and
               Dragomir Anguelov and
               Dumitru Erhan and
               Vincent Vanhoucke and
               Andrew Rabinovich},
  title     = {Going Deeper with Convolutions},
  journal   = {CoRR},
  volume    = {abs/1409.4842},
  year      = {2014},
  url       = {http://arxiv.org/abs/1409.4842},
  timestamp = {Wed, 07 Jun 2017 14:40:42 +0200},
  biburl    = {http://dblp.uni-trier.de/rec/bib/journals/corr/SzegedyLJSRAEVR14},
  bibsource = {dblp computer science bibliography, http://dblp.org}
}
@inproceedings{Zhang,
 author = {Zhang, Xiang and Zhao, Junbo and LeCun, Yann},
 title = {Character-level Convolutional Networks for Text Classification},
 booktitle = {Proceedings of the 28th International Conference on Neural Information Processing Systems},
 series = {NIPS'15},
 year = {2015},
 location = {Montreal, Canada},
 pages = {649--657},
 numpages = {9},
 url = {http://dl.acm.org/citation.cfm?id=2969239.2969312},
 acmid = {2969312},
 publisher = {MIT Press},
 address = {Cambridge, MA, USA},
} 
@inproceedings{Liu-rnn,
  author    = {Shujie Liu and
               Nan Yang and
               Mu Li and
               Ming Zhou},
  title     = {A Recursive Recurrent Neural Network for Statistical Machine Translation},
  booktitle = {Proceedings of the 52nd Annual Meeting of the Association for Computational
               Linguistics, {ACL} 2014, June 22-27, 2014, Baltimore, MD, USA, Volume
               1: Long Papers},
  pages     = {1491--1500},
  year      = {2014},
  crossref  = {DBLP:conf/acl/2014-1},
  url       = {http://aclweb.org/anthology/P/P14/P14-1140.pdf},
  timestamp = {Wed, 11 Jan 2017 10:40:48 +0100},
  biburl    = {http://dblp.uni-trier.de/rec/bib/conf/acl/LiuYLZ14},
  bibsource = {dblp computer science bibliography, http://dblp.org}
}
@article{Sutskever,
  author    = {Ilya Sutskever and
               Oriol Vinyals and
               Quoc V. Le},
  title     = {Sequence to Sequence Learning with Neural Networks},
  journal   = {CoRR},
  volume    = {abs/1409.3215},
  year      = {2014},
  url       = {http://arxiv.org/abs/1409.3215},
  timestamp = {Wed, 07 Jun 2017 14:40:10 +0200},
  biburl    = {http://dblp.uni-trier.de/rec/bib/journals/corr/SutskeverVL14},
  bibsource = {dblp computer science bibliography, http://dblp.org}
}
@inproceedings{Auli,
author = {Auli, Michael and Galley, Michel and Quirk, Chris and Zweig, Geoffrey},
title = {Joint Language and Translation Modeling with Recurrent Neural Networks},
booktitle = {},
year = {2013},
month = {October},
url = {https://www.microsoft.com/en-us/research/publication/joint-language-and-translation-modeling-with-recurrent-neural-networks/},
address = {Seattle, Washington}
}
@article{Long,
  author    = {Jonathan Long and
               Evan Shelhamer and
               Trevor Darrell},
  title     = {Fully Convolutional Networks for Semantic Segmentation},
  journal   = {CoRR},
  volume    = {abs/1411.4038},
  year      = {2014},
  url       = {http://arxiv.org/abs/1411.4038},
  timestamp = {Wed, 07 Jun 2017 14:42:28 +0200},
  biburl    = {http://dblp.uni-trier.de/rec/bib/journals/corr/LongSD14},
  bibsource = {dblp computer science bibliography, http://dblp.org}
}


@article{Yin,
  author    = {Wenpeng Yin and
               Katharina Kann and
               Mo Yu and
               Hinrich Sch{\"{u}}tze},
  title     = {Comparative Study of {CNN} and {RNN} for Natural Language Processing},
  journal   = {CoRR},
  volume    = {abs/1702.01923},
  year      = {2017},
  url       = {http://arxiv.org/abs/1702.01923},
  timestamp = {Wed, 07 Jun 2017 14:41:52 +0200},
  biburl    = {http://dblp.uni-trier.de/rec/bib/journals/corr/0001KYS17},
  bibsource = {dblp computer science bibliography, http://dblp.org}
}
@inproceedings{Tang,
  added-at = {2015-10-14T00:00:00.000+0200},
  author = {Tang, Duyu and Qin, Bing and Liu, Ting},
  biburl = {https://www.bibsonomy.org/bibtex/2bf937a0ed9b557fc99eabb90ecd1e357/dblp},
  booktitle = {EMNLP},
  crossref = {conf/emnlp/2015},
  editor = {Màrquez, Lluís and Callison-Burch, Chris and Su, Jian and Pighin, Daniele and Marton, Yuval},
  ee = {http://aclweb.org/anthology/D/D15/D15-1167.pdf},
  interhash = {ad7cedd5a6a72ceff56c7de30cf40237},
  intrahash = {bf937a0ed9b557fc99eabb90ecd1e357},
  isbn = {978-1-941643-32-7},
  keywords = {dblp},
  pages = {1422-1432},
  publisher = {The Association for Computational Linguistics},
  timestamp = {2015-10-15T11:34:28.000+0200},
  title = {Document Modeling with Gated Recurrent Neural Network for Sentiment Classification.},
  url = {http://dblp.uni-trier.de/db/conf/emnlp/emnlp2015.html#TangQL15},
  year = 2015
}
@inproceedings{Wang2,
  author    = {Xingyou Wang and
               Weijie Jiang and
               Zhiyong Luo},
  title     = {Combination of Convolutional and Recurrent Neural Network for Sentiment
               Analysis of Short Texts},
  booktitle = {{COLING} 2016, 26th International Conference on Computational Linguistics,
               Proceedings of the Conference: Technical Papers, December 11-16, 2016,
               Osaka, Japan},
  pages     = {2428--2437},
  year      = {2016},
  crossref  = {DBLP:conf/coling/2016},
  url       = {http://aclweb.org/anthology/C/C16/C16-1229.pdf},
  timestamp = {Thu, 15 Dec 2016 16:57:46 +0100},
  biburl    = {http://dblp2.uni-trier.de/rec/bib/conf/coling/WangJL16},
  bibsource = {dblp computer science bibliography, http://dblp.org}
}
@article{Bowman,
  author    = {Samuel R. Bowman and
               Christopher D. Manning and
               Christopher Potts},
  title     = {Tree-structured composition in neural networks without tree-structured
               architectures},
  journal   = {CoRR},
  volume    = {abs/1506.04834},
  year      = {2015},
  url       = {http://arxiv.org/abs/1506.04834},
  timestamp = {Wed, 07 Jun 2017 14:42:50 +0200},
  biburl    = {http://dblp.uni-trier.de/rec/bib/journals/corr/BowmanMP15},
  bibsource = {dblp computer science bibliography, http://dblp.org}
}
